<?xml version="1.0" encoding="UTF-8"?>
<record xmlns="http://www.loc.gov/MARC21/slim" xmlns:zs="http://docs.oasis-open.org/ns/search-ws/sruResponse">
 <leader>
  07357cpcaa22012977i 4500
 </leader>
 <controlfield tag="001">
  17785264
 </controlfield>
 <controlfield tag="005">
  20200609111057.0
 </controlfield>
 <controlfield tag="008">
  130620i20082009xx                  eng
 </controlfield>
 <datafield ind1=" " ind2=" " tag="906">
  <subfield code="a">
   7
  </subfield>
  <subfield code="b">
   cbc
  </subfield>
  <subfield code="c">
   orignew
  </subfield>
  <subfield code="d">
   u
  </subfield>
  <subfield code="e">
   ncip
  </subfield>
  <subfield code="f">
   20
  </subfield>
  <subfield code="g">
   y-folklife
  </subfield>
 </datafield>
 <datafield ind1=" " ind2=" " tag="955">
  <subfield code="a">
   kste 2013-06-24
  </subfield>
  <subfield code="a">
   mkru 2013-07-10
  </subfield>
  <subfield code="a">
   mseg 2015-04-14
  </subfield>
  <subfield code="a">
   mseg 2015-04-16
  </subfield>
  <subfield code="a">
   xk15 2020-06-05 (Telework) database maintenance (LCSH Multiples Cancellation Project)
  </subfield>
 </datafield>
 <datafield ind1=" " ind2=" " tag="010">
  <subfield code="a">
   2013655317
  </subfield>
 </datafield>
 <datafield ind1=" " ind2=" " tag="040">
  <subfield code="a">
   DLC
  </subfield>
  <subfield code="b">
   eng
  </subfield>
  <subfield code="e">
   dacs
  </subfield>
  <subfield code="c">
   DLC
  </subfield>
  <subfield code="d">
   DLC
  </subfield>
 </datafield>
 <datafield ind1="0" ind2=" " tag="041">
  <subfield code="d">
   eng
  </subfield>
  <subfield code="d">
   spa
  </subfield>
  <subfield code="a">
   eng
  </subfield>
 </datafield>
 <datafield ind1=" " ind2=" " tag="043">
  <subfield code="a">
   n-us---
  </subfield>
  <subfield code="a">
   f-ke---
  </subfield>
  <subfield code="a">
   s-bl---
  </subfield>
 </datafield>
 <datafield ind1=" " ind2=" " tag="090">
  <subfield code="a">
   RYK 8594-8609; VAR 4404-4405; VAR 4408; VAR 4415-4420
  </subfield>
 </datafield>
 <datafield ind1=" " ind2=" " tag="090">
  <subfield code="a">
   AFC 2009/001
  </subfield>
 </datafield>
 <datafield ind1="0" ind2="0" tag="245">
  <subfield code="a">
   Inauguration 2009 Sermons and Orations Project collection,
  </subfield>
  <subfield code="f">
   2008-2009.
  </subfield>
 </datafield>
 <datafield ind1=" " ind2=" " tag="300">
  <subfield code="a">
   4489 items.
  </subfield>
 </datafield>
 <datafield ind1=" " ind2=" " tag="300">
  <subfield code="3">
   sound recordings
  </subfield>
  <subfield code="a">
   412 sound files (mp3, wav, wma on 128 CD-Rs) :
  </subfield>
  <subfield code="b">
   digital, sound.
  </subfield>
 </datafield>
 <datafield ind1=" " ind2=" " tag="300">
  <subfield code="3">
   sound recordings
  </subfield>
  <subfield code="a">
   16 sound cassettes :
  </subfield>
  <subfield code="b">
   analog.
  </subfield>
 </datafield>
 <datafield ind1=" " ind2=" " tag="300">
  <subfield code="3">
   moving images
  </subfield>
  <subfield code="a">
   83 videodiscs (DVD-R) :
  </subfield>
  <subfield code="b">
   digital, sound, color ;
  </subfield>
  <subfield code="c">
   4 3/4 in.
  </subfield>
 </datafield>
 <datafield ind1=" " ind2=" " tag="300">
  <subfield code="3">
   moving images
  </subfield>
  <subfield code="a">
   9 videocassettes (MiniDV, VHS, Hi-8) :
  </subfield>
  <subfield code="b">
   sound, color ;
  </subfield>
  <subfield code="c">
   various sizes.
  </subfield>
 </datafield>
 <datafield ind1=" " ind2=" " tag="300">
  <subfield code="3">
   graphic images
  </subfield>
  <subfield code="a">
   211 photographs (jpg, doc) :
  </subfield>
  <subfield code="b">
   digital, color.
  </subfield>
 </datafield>
 <datafield ind1=" " ind2=" " tag="300">
  <subfield code="3">
   graphic images
  </subfield>
  <subfield code="a">
   35 photographic prints :
  </subfield>
  <subfield code="b">
   black and white, color ;
  </subfield>
  <subfield code="c">
   various sizes.
  </subfield>
 </datafield>
 <datafield ind1=" " ind2=" " tag="300">
  <subfield code="3">
   manuscripts
  </subfield>
  <subfield code="a">
   123 text files (pdf, doc, docx, jpg, rtf, pub, ppt) :
  </subfield>
  <subfield code="b">
   digital.
  </subfield>
 </datafield>
 <datafield ind1=" " ind2=" " tag="300">
  <subfield code="3">
   manuscripts
  </subfield>
  <subfield code="a">
   3600
  </subfield>
  <subfield code="f">
   pages (7 boxes, 3 linear feet).
  </subfield>
 </datafield>
 <datafield ind1=" " ind2=" " tag="351">
  <subfield code="a">
   Organized by format into the following series: I. Administrative and II. Submissions, which is arranged by submission number.
  </subfield>
 </datafield>
 <datafield ind1=" " ind2=" " tag="520">
  <subfield code="a">
   The Inauguration 2009 Sermons and Orations Project collection includes manuscripts (including letters, sermons, orations, church programs, etc.), audio and video recordings, and graphic images created by the public in response to the 2009 election and inauguration of President Barack Obama and collected by the American Folklife Center. Includes submissions from over 300 individuals, religious and secular organizations, from 39 states and the District of Columbia, and from Nairobi, Kenya and Salvador, Bahia, Brazil recorded January 16-25, 2009.
  </subfield>
 </datafield>
 <datafield ind1="8" ind2=" " tag="524">
  <subfield code="a">
   Inauguration 2009 Sermons and Orations Project collection (AFC 2009/001), Archive of Folk Culture, American Folklife Center, Library of Congress, Washington, D.C.
  </subfield>
 </datafield>
 <datafield ind1="1" ind2=" " tag="506">
  <subfield code="a">
   Collection is open for research. Access may be restricted. To request materials, please contact the Folklife Reading Room at http://hdl.loc.gov/loc.afc/folklife.contact
  </subfield>
 </datafield>
 <datafield ind1=" " ind2=" " tag="540">
  <subfield code="a">
   Duplication of collection materials may be governed by copyright and other restrictions.
  </subfield>
 </datafield>
 <datafield ind1=" " ind2=" " tag="541">
  <subfield code="a">
   Inauguration 2009 Sermons and Orations Project;
  </subfield>
  <subfield code="d">
   2009.
  </subfield>
 </datafield>
 <datafield ind1=" " ind2=" " tag="545">
  <subfield code="a">
   In anticipation of the January 20, 2009 inauguration of President Barack Obama, the American Folklife Center solicited audio and video recordings of sermons and orations that commented on the 2009 inauguration. These materials, solicited from the public through the American Folklife Center website as well as various press releases and other forms of communication, now form the Inauguration 2009 Sermons and Orations Project Collection. The American Folklife Center requested that recordings must be of sermons and orations that were delivered to congregations and other audiences between Friday, January 16 and Sunday, January 25, 2009. In addition to audio and video recordings, the Center also requested written texts of sermons and orations (submitted in the form of print or digital media), as well as printed programs from the events during which the sermons and orations were delivered. When materials were damaged during delivery to the American Folklife Center, replacement materials were requested. Participants were required to submit both an information form and a release form with their collection materials.
  </subfield>
 </datafield>
 <datafield ind1=" " ind2=" " tag="546">
  <subfield code="a">
   In English and Spanish.
  </subfield>
 </datafield>
 <datafield ind1="0" ind2=" " tag="555">
  <subfield code="a">
   Finding aid is available in the Folklife Reading Room, Library of Congress and online
  </subfield>
  <subfield code="u">
   http://hdl.loc.gov/loc.afc/eadafc.af013008
  </subfield>
 </datafield>
 <datafield ind1="1" ind2="0" tag="600">
  <subfield code="a">
   King, Martin Luther,
  </subfield>
  <subfield code="c">
   Jr.,
  </subfield>
  <subfield code="d">
   1929-1968.
  </subfield>
 </datafield>
 <datafield ind1="1" ind2="0" tag="600">
  <subfield code="a">
   Obama, Barack
  </subfield>
  <subfield code="x">
   Inaugurations.
  </subfield>
 </datafield>
 <datafield ind1="1" ind2="0" tag="600">
  <subfield code="a">
   Obama, Barack.
  </subfield>
 </datafield>
 <datafield ind1="2" ind2="0" tag="610">
  <subfield code="a">
   African Methodist Episcopal Church
  </subfield>
  <subfield code="v">
   Sermons.
  </subfield>
 </datafield>
 <datafield ind1="2" ind2="0" tag="610">
  <subfield code="a">
   Apostolic Faith Churches of God
  </subfield>
  <subfield code="v">
   Sermons.
  </subfield>
 </datafield>
 <datafield ind1="2" ind2="0" tag="610">
  <subfield code="a">
   Catholic Church
  </subfield>
  <subfield code="v">
   Sermons.
  </subfield>
 </datafield>
 <datafield ind1="2" ind2="0" tag="610">
  <subfield code="a">
   Christian and Missionary Alliance
  </subfield>
  <subfield code="v">
   Sermons.
  </subfield>
 </datafield>
 <datafield ind1="2" ind2="0" tag="610">
  <subfield code="a">
   Christian Methodist Episcopal Church
  </subfield>
  <subfield code="v">
   Sermons.
  </subfield>
 </datafield>
 <datafield ind1="2" ind2="0" tag="610">
  <subfield code="a">
   Community of Christ
  </subfield>
  <subfield code="v">
   Sermons.
  </subfield>
 </datafield>
 <datafield ind1="2" ind2="0" tag="610">
  <subfield code="a">
   Episcopalian Church
  </subfield>
  <subfield code="v">
   Sermons.
  </subfield>
 </datafield>
 <datafield ind1="2" ind2="0" tag="610">
  <subfield code="a">
   Lutheran Church
  </subfield>
  <subfield code="v">
   Sermons.
  </subfield>
 </datafield>
 <datafield ind1="2" ind2="0" tag="610">
  <subfield code="a">
   United Church of Christ
  </subfield>
  <subfield code="v">
   Sermons.
  </subfield>
 </datafield>
 <datafield ind1="2" ind2="0" tag="610">
  <subfield code="a">
   Vedanta Society
  </subfield>
  <subfield code="v">
   Speeches.
  </subfield>
 </datafield>
 <datafield ind1=" " ind2="0" tag="650">
  <subfield code="a">
   African American leadership.
  </subfield>
 </datafield>
 <datafield ind1=" " ind2="0" tag="650">
  <subfield code="a">
   African Americans
  </subfield>
  <subfield code="x">
   Social conditions.
  </subfield>
 </datafield>
 <datafield ind1=" " ind2="0" tag="650">
  <subfield code="a">
   Atheists
  </subfield>
  <subfield code="v">
   Speeches.
  </subfield>
 </datafield>
 <datafield ind1=" " ind2="0" tag="650">
  <subfield code="a">
   Baptists
  </subfield>
  <subfield code="v">
   Sermons.
  </subfield>
 </datafield>
 <datafield ind1=" " ind2="0" tag="650">
  <subfield code="a">
   Catholics
  </subfield>
  <subfield code="v">
   Sermons.
  </subfield>
 </datafield>
 <datafield ind1=" " ind2="0" tag="650">
  <subfield code="a">
   Christian Science
  </subfield>
  <subfield code="v">
   Sermons.
  </subfield>
 </datafield>
 <datafield ind1=" " ind2="0" tag="650">
  <subfield code="a">
   Christians
  </subfield>
  <subfield code="v">
   Sermons.
  </subfield>
 </datafield>
 <datafield ind1=" " ind2="0" tag="650">
  <subfield code="a">
   Congregationalists
  </subfield>
  <subfield code="v">
   Sermons.
  </subfield>
 </datafield>
 <datafield ind1=" " ind2="0" tag="650">
  <subfield code="a">
   Conservative Judaism
  </subfield>
  <subfield code="v">
   Sermons.
  </subfield>
 </datafield>
 <datafield ind1=" " ind2="0" tag="650">
  <subfield code="a">
   Coptic sermons.
  </subfield>
 </datafield>
 <datafield ind1=" " ind2="0" tag="650">
  <subfield code="a">
   Hindu sermons.
  </subfield>
 </datafield>
 <datafield ind1=" " ind2="0" tag="650">
  <subfield code="a">
   Holidays
  </subfield>
  <subfield code="z">
   United States.
  </subfield>
 </datafield>
 <datafield ind1=" " ind2="0" tag="650">
  <subfield code="a">
   Humanists
  </subfield>
  <subfield code="v">
   Speeches.
  </subfield>
 </datafield>
 <datafield ind1=" " ind2="0" tag="650">
  <subfield code="a">
   Inauguration Day.
  </subfield>
 </datafield>
 <datafield ind1=" " ind2="0" tag="650">
  <subfield code="a">
   Interdenominational cooperation.
  </subfield>
 </datafield>
 <datafield ind1=" " ind2="0" tag="650">
  <subfield code="a">
   Interfaith worship.
  </subfield>
 </datafield>
 <datafield ind1=" " ind2="0" tag="650">
  <subfield code="a">
   Islamic sermons.
  </subfield>
 </datafield>
 <datafield ind1=" " ind2="0" tag="650">
  <subfield code="a">
   Jewish sermons.
  </subfield>
 </datafield>
 <datafield ind1=" " ind2="0" tag="650">
  <subfield code="a">
   Jews
  </subfield>
  <subfield code="v">
   Sermons.
  </subfield>
 </datafield>
 <datafield ind1=" " ind2="0" tag="650">
  <subfield code="a">
   Mennonites
  </subfield>
  <subfield code="v">
   Sermons.
  </subfield>
 </datafield>
 <datafield ind1=" " ind2="0" tag="650">
  <subfield code="a">
   Methodists
  </subfield>
  <subfield code="v">
   Sermons.
  </subfield>
 </datafield>
 <datafield ind1=" " ind2="0" tag="650">
  <subfield code="a">
   Martin Luther King, Jr., Day.
  </subfield>
 </datafield>
 <datafield ind1=" " ind2="0" tag="650">
  <subfield code="a">
   Muslims
  </subfield>
  <subfield code="v">
   Sermons.
  </subfield>
 </datafield>
 <datafield ind1=" " ind2="0" tag="650">
  <subfield code="a">
   Occasional sermons.
  </subfield>
 </datafield>
 <datafield ind1=" " ind2="0" tag="650">
  <subfield code="a">
   Presidents
  </subfield>
  <subfield code="z">
   United States
  </subfield>
  <subfield code="x">
   Inauguration.
  </subfield>
 </datafield>
 <datafield ind1=" " ind2="0" tag="650">
  <subfield code="a">
   Presbyterian Church
  </subfield>
  <subfield code="v">
   Sermons.
  </subfield>
 </datafield>
 <datafield ind1=" " ind2="0" tag="650">
  <subfield code="a">
   Presidents
  </subfield>
  <subfield code="z">
   United States
  </subfield>
  <subfield code="x">
   Election
  </subfield>
  <subfield code="y">
   2008
  </subfield>
  <subfield code="v">
   Sermons.
  </subfield>
 </datafield>
 <datafield ind1=" " ind2="0" tag="650">
  <subfield code="a">
   Public worship.
  </subfield>
 </datafield>
 <datafield ind1=" " ind2="0" tag="650">
  <subfield code="a">
   Quakers
  </subfield>
  <subfield code="v">
   Sermons.
  </subfield>
 </datafield>
 <datafield ind1=" " ind2="0" tag="651">
  <subfield code="a">
   United States
  </subfield>
  <subfield code="x">
   Race relations.
  </subfield>
 </datafield>
 <datafield ind1=" " ind2="0" tag="650">
  <subfield code="a">
   Race relations
  </subfield>
  <subfield code="x">
   Religious aspects.
  </subfield>
 </datafield>
 <datafield ind1=" " ind2="0" tag="650">
  <subfield code="a">
   Reading in public worship.
  </subfield>
 </datafield>
 <datafield ind1=" " ind2="0" tag="650">
  <subfield code="a">
   Sermons, American
  </subfield>
  <subfield code="y">
   21st century.
  </subfield>
 </datafield>
 <datafield ind1=" " ind2="0" tag="650">
  <subfield code="a">
   Sermons, Spanish
  </subfield>
  <subfield code="z">
   United States.
  </subfield>
 </datafield>
 <datafield ind1=" " ind2="0" tag="650">
  <subfield code="a">
   Sermons
  </subfield>
  <subfield code="z">
   Brazil
  </subfield>
  <subfield code="z">
   Salvador.
  </subfield>
 </datafield>
 <datafield ind1=" " ind2="0" tag="650">
  <subfield code="a">
   Sermons
  </subfield>
  <subfield code="z">
   Kenya
  </subfield>
  <subfield code="z">
   Nairobi.
  </subfield>
 </datafield>
 <datafield ind1=" " ind2="0" tag="650">
  <subfield code="a">
   Sermons
  </subfield>
  <subfield code="z">
   United States.
  </subfield>
 </datafield>
 <datafield ind1=" " ind2="0" tag="650">
  <subfield code="a">
   Seventh-Day Adventists
  </subfield>
  <subfield code="v">
   Sermons.
  </subfield>
 </datafield>
 <datafield ind1=" " ind2="0" tag="650">
  <subfield code="a">
   Reconstructionist Judaism
  </subfield>
  <subfield code="v">
   Sermons.
  </subfield>
 </datafield>
 <datafield ind1=" " ind2="0" tag="650">
  <subfield code="a">
   Religious gatherings.
  </subfield>
 </datafield>
 <datafield ind1=" " ind2="0" tag="650">
  <subfield code="a">
   Reform Judaism
  </subfield>
  <subfield code="v">
   Sermons.
  </subfield>
 </datafield>
 <datafield ind1=" " ind2="0" tag="650">
  <subfield code="a">
   Society of Friends
  </subfield>
  <subfield code="v">
   Sermons.
  </subfield>
 </datafield>
 <datafield ind1=" " ind2="0" tag="650">
  <subfield code="a">
   Speeches, addresses, etc.
  </subfield>
 </datafield>
 <datafield ind1=" " ind2="0" tag="650">
  <subfield code="a">
   Unitarian Universalists
  </subfield>
  <subfield code="v">
   Sermons.
  </subfield>
 </datafield>
 <datafield ind1=" " ind2="0" tag="650">
  <subfield code="a">
   Worship programs.
  </subfield>
 </datafield>
 <datafield ind1=" " ind2="0" tag="651">
  <subfield code="a">
   United States
  </subfield>
  <subfield code="x">
   Race relations.
  </subfield>
 </datafield>
 <datafield ind1=" " ind2="7" tag="655">
  <subfield code="a">
   Manuscripts.
  </subfield>
  <subfield code="2">
   aat
  </subfield>
 </datafield>
 <datafield ind1=" " ind2="7" tag="655">
  <subfield code="a">
   Sermons.
  </subfield>
  <subfield code="2">
   aat
  </subfield>
 </datafield>
 <datafield ind1=" " ind2="7" tag="655">
  <subfield code="a">
   Photographs.
  </subfield>
  <subfield code="2">
   aat
  </subfield>
 </datafield>
 <datafield ind1=" " ind2="7" tag="655">
  <subfield code="a">
   Poems.
  </subfield>
  <subfield code="2">
   aat
  </subfield>
 </datafield>
 <datafield ind1=" " ind2="7" tag="655">
  <subfield code="a">
   Programs.
  </subfield>
  <subfield code="2">
   aat
  </subfield>
 </datafield>
 <datafield ind1=" " ind2="7" tag="655">
  <subfield code="a">
   Sound recordings.
  </subfield>
  <subfield code="2">
   aat
  </subfield>
 </datafield>
 <datafield ind1=" " ind2="7" tag="655">
  <subfield code="a">
   Video recordings.
  </subfield>
  <subfield code="2">
   aat
  </subfield>
 </datafield>
 <datafield ind1=" " ind2="7" tag="655">
  <subfield code="a">
   Digital photographs
  </subfield>
  <subfield code="x">
   Color
  </subfield>
  <subfield code="y">
   2000-2010.
  </subfield>
  <subfield code="2">
   gmgpc
  </subfield>
 </datafield>
 <datafield ind1=" " ind2="7" tag="655">
  <subfield code="a">
   Orations.
  </subfield>
  <subfield code="2">
   lcgft
  </subfield>
 </datafield>
 <datafield ind1=" " ind2="7" tag="655">
  <subfield code="a">
   Speeches.
  </subfield>
  <subfield code="2">
   aat
  </subfield>
 </datafield>
 <datafield ind1="2" ind2=" " tag="710">
  <subfield code="a">
   Library of Congress.
  </subfield>
 </datafield>
 <datafield ind1="2" ind2=" " tag="710">
  <subfield code="a">
   American Folklife Center,
  </subfield>
  <subfield code="e">
   collector.
  </subfield>
 </datafield>
 <datafield ind1="2" ind2=" " tag="710">
  <subfield code="a">
   Archive of Folk Culture (Library of Congress)
  </subfield>
 </datafield>
 <datafield ind1=" " ind2=" " tag="852">
  <subfield code="a">
   DLC-AFC
  </subfield>
  <subfield code="b">
   Archive of Folk Culture, American Folklife Center,
  </subfield>
  <subfield code="e">
   101 Independence Ave. S.E., Washington, DC USA 20540-4610
  </subfield>
  <subfield code="u">
   http://hdl.loc.gov/loc.afc/folklife.home
  </subfield>
 </datafield>
 <datafield ind1="4" ind2="2" tag="856">
  <subfield code="3">
   Finding aid
  </subfield>
  <subfield code="u">
   http://hdl.loc.gov/loc.afc/eadafc.af013008
  </subfield>
 </datafield>
 <datafield ind1=" " ind2=" " tag="985">
  <subfield code="a">
   afc/ead
  </subfield>
 </datafield>
 <datafield ind1=" " ind2=" " tag="985">
  <subfield code="a">
   afc/coll
  </subfield>
 </datafield>
</record>
